<?xml version="1.0" encoding="UTF-8"?><collection xmlns="http://www.loc.gov/MARC21/slim"><record><leader>00424nam--2200121-i-4500</leader><controlfield tag="001">000003143</controlfield><controlfield tag="002">20161230</controlfield><controlfield tag="005">20161230201025</controlfield><controlfield tag="008">060222s1000------------r-----000-0-eng-d</controlfield><datafield ind1=" " ind2=" " tag="080"><subfield code="a">629.38.049.7</subfield></datafield><datafield ind1=" " ind2=" " tag="245"><subfield code="a">Astm standards on materials for radio tubes and electronic devices and electrical heating, resistance, and related alloys</subfield></datafield><datafield ind1=" " ind2=" " tag="260"><subfield code="a">Philadelphia, American Soc. For Test. And Mat. 1954 Xii+230 P. Cu Fig</subfield></datafield><datafield ind1=" " ind2=" " tag="852"><subfield code="a">11107</subfield></datafield></record></collection>